@Book{flanagan2002javascript,
 author = {Flanagan, David},
 title = {JavaScript : przewodnik programisty},
 publisher = {Wydaw. RM},
 year = {2002},
 address = {Warszawa},
 isbn = {83-7243-260-0}
}

@Book{crockford2008javascript,
 author = {Crockford, Douglas},
 title = {JavaScript : the good parts},
 publisher = {O'Reilly},
 year = {2008},
 address = {Beijing Cambridge},
 isbn = {978-0-596-51774-8}
}
 
@Book{stefanov2012javascript,
 author = {Stefanov, Stoyan},
 title = {JavaScript. Wzorce},
 publisher = {Helion},
 year = {2012},
 address = {Gliwice},
 isbn = {978-83-246-3821-5}
}
 
@book{stefanov2010javascript,
  title= {JavaScript: programowanie obiektowe},
  author= {Stefanov, S. and Walkowska, J.},
  isbn= {9788324622429},
  year= {2010},
  publisher= {Helion},
}
 
@Book{maccaw2012javascript,
 author = {MacCaw, Alex},
 title = {JavaScript : aplikacje WWW},
 publisher = {Wydawnictwo Helion},
 year = {2012},
 address = {Gliwice},
 isbn = {978-83-246-3887-1}
}
 
@Book{stark2013android,
 author = {Stark, Jonathan},
 title = {Android : tworzenie aplikacji w oparciu o HTML, CSS i JavaScript},
 publisher = {Helion},
 year = {2013},
 address = {Gliwice},
 isbn = {978-83-246-4968-6}
}
 
@Book{powers2012learning,
 author = {Powers, Shelley},
 title = {Learning Node},
 publisher = {O'Reilly Media},
 year = {2012},
 address = {Sebastopol, Calif},
 isbn = {978-1-449-32307-3}
}
 
@Book{kiessling2012the,
 author = {Kiessling, Manuel},
 title = {The node beginner book : a comprehensive node.js tutorial},
 publisher = {lulu.com},
 year = {2012},
 address = {Raleigh, North Carolina},
 isbn = {978-1471628443}
}
 
@Book{chodorow2013mongodb,
 author = {Chodorow, Kristina},
 title = {MongoDB, the definitive guide},
 publisher = {O'Reilly Media},
 year = {2013},
 address = {Sebastopol, Calif},
 isbn = {978-1-449-34468-9}
}
 
@Book{means2012node,
 author = {Means, Garann},
 title = {Node for front-end developers},
 publisher = {O'Reilly Media},
 year = {2012},
 address = {Sebastopol, CA},
 isbn = {978-1-449-31883-3}
}
 
@Book{jain2012jquery,
 author = {Jain, Chetan},
 title = {JQuery Mobile Cookbook},
 publisher = {Packt Pub},
 year = {2012},
 address = {Birmingham},
 isbn = {978-1-84951-722-5}
}

@Book{croucher2012node,
 author = {Croucher, Tom},
 title = {Node up and running},
 publisher = {O'Reilly Media},
 year = {2012},
 address = {Sebastopol, CA},
 isbn = {978-1-449-39858-3}
}